2659 4950
111 917 554 1038 Μιθηματιιιῶν
596 913 935 1020 vocabulum
965 930 1194 1042 proprie
1222 946 1433 1023 dociles
1459 979 1526 1021 ac
1554 944 1806 1022 discendi
1834 960 2065 1042 cupidos
2096 961 2276 1039 signi-

79 1040 214 1116 ·‚fiut
241 1053 342 1106 ιιιιιι
370 1065 485 1107 eos
506 1047 608 1125 qui
638 1066 757 1105 rem
789 1051 1073 1125 quandam
1104 1048 1283 1128 probe
1312 1054 1373 1107 et
1402 1048 1555 1107 bona
1596 1047 1711 1108 fide
1752 1053 1889 1106 sunt
1927 1048 2147 1122 edocti,
2192 1047 2271 1106 uti

104 1144 149 1184 ex
165 1128 469 1211 Pythagorae
495 1128 818 1214 philosophi
846 1132 1128 1214 discipulis
1171 1133 1247 1194 illi
1284 1134 1619 1194 dicebantur
1637 1128 2134 1238 μαθηματικοί,
2180 1133 2278 1210 qui
2360 1193 2374 1201 ᾖ

98 1217 270 1292 sigim-i
294 1221 379 1277 sni
407 1222 686 1297 dogmata
715 1239 832 1278 non
861 1219 1062 1280 leviter
1104 1225 1362 1294 tantum,
1407 1226 1473 1279 ut
1514 1215 1574 1280 οἱ
1619 1212 2099 1323 ἀκουσματιιιοί,
2142 1237 2282 1298 per·

94 1311 316 1380 oepflaut,
378 1307 486 1364 sed
526 1305 758 1397 penitus
804 1306 903 1365 illis
946 1307 1142 1366 imbuti
1184 1312 1381 1380 erant,
1438 1300 1499 1366 οἱ
1552 1300 1664 1366 τὸν
1704 1297 2132 1410 περιττότερον
2173 1301 2277 1363 καὶ

91 1383 193 1464 ιρός
221 1386 538 1472 ἀκρίβειαν
581 1385 1106 1471 διάπεπονημένον
1147 1394 1262 1472 τῆς
1302 1383 1647 1471 ἐπιστήμης
1688 1384 1872 1472 λόγον
1911 1387 2277 1469 ἔκμεμαθη-
2389 1417 2395 1431 2

39 1534 41 1537 ,
90 1491 219 1545 επις.
279 1476 614 1555 Porphyrius
651 1483 773 1539 vita
813 1477 1057 1578 Pymag.
1095 1499 1143 1539 c.
1174 1479 1277 1537 37.
1337 1479 1465 1537 hinc
1503 1484 1798 1556 praeterea
1841 1476 2279 1556 quadrupliciter

87 1561 352 1621 vocabulum
381 1563 521 1621 illud
548 1569 845 1643 acceptum
874 1565 1136 1644 reperio,
1178 1583 1313 1623 nam
1343 1562 1433 1623 vel
1460 1562 1819 1640 astrologos,
1862 1563 2184 1641 haruspices
2213 1580 2281 1621 ac

85 1660 223 1722 magos
265 1649 541 1722 denotat,
585 1648 674 1708 vel
717 1651 1041 1727 quatumvis
1091 1649 1605 1713 mathematicarum
1650 1647 1737 1708 vel
1778 1649 1944 1710 etiam
1985 1648 2315 1707 humanm--

85 1746 166 1789 mm
198 1734 281 1792 vel
321 1735 576 1812 deniqne
622 1736 1007 1796 universarum
1065 1736 1482 1817 disciplinarum
1526 1735 1790 1795 doctores
1845 1753 1913 1794 ac
1931 1734 2132 1822 periti
2177 1751 2281 1814 per

82 1816 445 1880 numanus
470 1819 876 1898 intelliguntur.

201 1905 239 1964 Ι.
289 1905 404 1964 Pro
445 1906 748 1984 astrologis
794 1906 1155 1985 genethliacis
1195 1907 1305 1967 hoc
1346 1908 1576 1966 nomine
1616 1907 1792 1965 utitur
1828 1905 2038 1966 Sextus
2071 1904 2211 1965 libro
2238 1903 2285 1962 4

79 1990 300 2051 seetult.
331 1993 429 2051 ubi
465 1986 620 2064 τούς
656 1987 1148 2071 μαθηματικούς
1186 1993 1489 2068 geometris
1533 1999 1592 2052 et
1632 1992 1989 2051 arithmeticis
2020 1990 2283 2071 opponit,
2345 2017 2350 2026 ·

76 2090 151 2132 nec
179 2094 292 2134 non
329 2076 466 2135 libro
492 2077 537 2135 5
577 2084 721 2140 sect.
758 2080 791 2136 1
822 2088 882 2137 et
912 2079 987 2152 2,
1031 2079 1127 2137 ubi
1154 2077 1470 2136 Chaldaeos
1507 2077 1757 2156 appellat
1791 2097 1884 2154 μα
1977 2070 2283 2153 ματικοῦς

73 2156 148 2217 καὶ
182 2155 610 2262 ἀστρολόγους.
658 2171 718 2221 et
745 2170 886 2222 sect.
923 2162 1046 2221 104
1072 2181 1177 2242 pro
1184 2163 1513 2240 'astrologia
1540 2181 1861 2221 memorans
2053 2161 2279 2240 μαθη-
2321 2155 2334 2162 ’

71 2241 306 2325 μαιιιιίν.
350 2245 624 2329 nihilque
661 2247 941 2325 vulgatius
987 2248 1093 2307 hac
1132 2247 1388 2307 vocabuli
1424 2247 1892 2326 μαθηματικῶν
1932 2248 2284 2329 acceptione.

72 2317 472 2413 sicPorphyi-ius
516 2334 672 2435 apud
702 2331 1010 2393 Eusebium
1040 2332 1082 2390 6
1121 2335 1152 2392 l
1199 2333 1530 2412 Praeparat.
1577 2333 1981 2437 Evangelicae:
2024 2327 2169 2392 αλλ’
2217 2318 2286 2403 ἐξ
2335 2352 2339 2361 ’
2383 2334 2386 2335 ’

3 2478 4 2481 ,
73 2407 273 2500 οἴστρων
331 2410 755 2501 ἕπιτηρήσεως
807 2414 967 2481 κατὰ
1025 2414 1175 2493 τους
1223 2419 1692 2498 μαθηματικῶν
1745 2411 1988 2499 λόγους.
2066 2416 2285 2478 Gellius

1 2502 3 2523 ³
69 2498 135 2562 Ιῐιι.
163 2505 192 2562 l
222 2525 347 2586 cap.
382 2507 424 2564 9
454 2508 667 2587 vulg-m
711 2524 841 2584 quos
879 2507 1151 2583 gentilicio
1192 2507 1452 2566 vocabulo
1489 2504 1791 2565 Chaldaeos
1834 2505 2010 2564 dicere
2049 2510 2281 2583 oportet,

66 2590 424 2652 sake-aucas
451 2594 602 2652 dicit.
662 2591 769 2650 hoc
810 2609 980 2650 sensu
1010 2575 1323 2651 Suetonius
1349 2590 1708 2669 Thrasyllum
1742 2591 2195 2669 mathematicum
2225 2596 2287 2649 et

61 2677 448 2736 mathematicos
475 2697 511 2736 a
541 2676 777 2736 Tiberio
806 2695 874 2737 ac
902 2675 1123 2735 Vitellio
1168 2677 1432 2756 expulsos
1466 2681 1737 2736 memorat
1766 2658 1966 2735 Tiber.
2012 2696 2063 2735 c.
2081 2677 2186 2746 ,14
2224 2682 2286 2735 et

56 2757 149 2834 ³6,
204 2764 375 2825 Vitat.
405 2784 456 2823 c.
488 2763 569 2821 14
599 2761 977 2822 et'Neronem
1009 2762 1431 2822 mathematicae
1459 2763 1745 2822 addictum
1775 2782 1825 2822 c.
1849 2760 1951 2821 69.
1985 2761 2154 2821 Iulius
2170 2761 2285 2821 Ca-

49 2849 290 2925 pitolinus
318 2852 379 2907 in
411 2849 708 2918 Gordiano
748 2849 967 2909 iuniore
1008 2870 1056 2909 c.
1087 2847 1171 2907 20
1198 2849 1491 2909 ostendisse
1516 2849 1962 2909 constellationem
1990 2849 2285 2909 nothma-

48 2937 188 2994 aaa
213 2935 426 3014 ferient.
511 2941 801 3013 notusque
837 2934 895 2993 in
938 2933 1131 2994 codice
1173 2934 1517 2994 Iustinianeo
1560 2933 1755 2992 titulus
1788 2933 1870 2992 18
1910 2933 2034 2993 libri
2063 2935 2284 3006 decimi,

41 3020 104 3077 sle
137 3022 394 3099 maleficis
440 3028 492 3080 et
534 3020 957 3094 mathematicis,
999 3038 1068 3081 ac
1107 3020 1224 3078 libri
1265 3021 1403 3079 noni
1446 3039 1502 3079 m
1532 3020 1727 3079 codice
1758 3017 2165 3077 Theodosiano
2194 3020 2285 3079 tit.

47 3105 117 3162 16
143 3106 253 3184 leg.
285 3105 333 3164 8
362 3112 422 3165 et
454 3107 534 3165 12
564 3108 630 3166 de
670 3107 1059 3167 mathematicis
1084 3107 1211 3165 urbe
1236 3105 1421 3166 Romo
1466 3113 1518 3165 et
1560 3105 1874 3166 civitatibus
1905 3105 2144 3164 omnibus
2165 3104 2286 3184 pet-

34 3192 195 3251 leudis
249 3199 305 3252 et
358 3191 627 3252 codicibus
681 3212 881 3252 eorum
911 3192 1241 3265 cremmtdis,
1306 3194 1402 3250 ubi
1447 3190 1558 3253 lac.
1604 3190 1996 3250 Gothofredus
2044 3195 2287 3249 annotat

32 3277 352 3357 haruspices
379 3278 540 3337 simul
580 3278 824 3358 intelligi.
885 3285 1108 3337 exstant
1146 3285 1205 3337 et
1246 3278 1568 3337 sanctiones
1596 3277 1967 3337 Ecclesiastae
2009 3277 2286 3336 adversus

29 3363 453 3423 mathematicos
495 3384 566 3425 eo
595 3383 765 3425 sensu
792 3364 1102 3424 intellectos
1144 3368 1209 3422 ut
1238 3364 1441 3422 Canon
1473 3362 1833 3422 Laodicenus
1861 3362 1946 3421 36
1987 3362 2191 3439 aliique
2227 3362 2289 3418 in

31 3448 216 3508 Photii
233 3448 651 3509 Nomocanone
677 3450 762 3510 tit.
795 3450 837 3509 9
865 3469 992 3528 cap.
1020 3448 1102 3508 25
1132 3449 1364 3509 laudati.
1407 3456 1583 3527 atque
1609 3450 1688 3508 ita
1714 3448 2099 3528 accipiendum
2129 3446 2289 3524 quod
2341 3469 2348 3474 ¹

33 3535 367 3594 Gennadius
395 3556 446 3595 c.
475 3535 560 3594 28
586 3538 662 3595 de
692 3530 1054 3615 scriptoribus
1081 3534 1297 3596 Eccles.
1327 3535 1636 3594 Macarium
1665 3534 2008 3594 Monachum
2043 3538 2290 3592 testatur

26 3624 87 3680 in
120 3621 264 3680 urbe
290 3621 479 3680 Roma
520 3621 718 3681 librum
761 3622 1047 3700 scripsisse
1084 3621 1362 3680 adversus
1399 3619 1857 3694 mathematicos,
1900 3620 2017 3678 sive
2057 3624 2122 3677 ut
2163 3617 2290 3676 Ru·-

26 3708 181 3767 finus
228 3708 263 3765 l
308 3707 368 3765 ιιι
395 3706 647 3767 Hieron.
693 3708 950 3785 opuscula
992 3706 1249 3766 adversus
1268 3706 1466 3788 fatum
1507 3714 1561 3766 et
1599 3706 1878 3766 mathesin.
1944 3705 2075 3764 vide
2114 3703 2189 3761 sis
2229 3707 2303 3760 et.
2408 3747 2414 3753 ,

28 3792 450 3852 Tertullianum
491 3794 565 3853 de
605 3792 920 3852 idololatria
968 3811 1021 3851 c.
1055 3791 1095 3850 9
1139 3799 1199 3852 et
1238 3781 1612 3851 Mosaicarum
1658 3810 1726 3851 ac
1765 3776 2151 3849 Romanarum
2204 3787 2333 3845 le·

27 3899 166 3957 gum
196 3878 550 3940 collationem
577 3879 743 3938 titulo
779 3875 856 3938 15
897 3878 966 3937 de
991 3874 1399 3938 Mathematisis
1437 3884 1488 3936 et
1516 3874 1877 3937 manichaeis.
1936 3875 2152 3934 faciunt
2179 3871 2292 3931 huc

29 3971 330 4044 praeterea
371 3963 506 4024 lnlii
524 3964 752 4024 Firmici
800 3964 1119 4024 matheseos
1159 3962 1281 4024 libri
1334 3961 1742 4040 genethliacon:
1787 3959 2135 4040 disciplinam
2171 3963 2289 4016 tra

31 4053 275 4126 dentes,
327 4053 387 4110 ’et
429 4052 588 4130 quod
633 4051 789 4131 apud
835 4049 1202 4110 Prudentium
1246 4046 1339 4108 lib.
1385 4047 1427 4105 2
1473 4054 1671 4108 contra
1713 4044 2109 4125 Symmachum
2163 4040 2293 4100 478

32 4230 94 4285 ά
118 4221 250 4283 893
339 4156 434 4199 nec
457 4137 713 4245 mathesi}
734 4140 1073 4216 praescripto
1103 4136 1283 4244 aliquo
1305 4139 1409 4214 pio
1433 4141 1570 4195 voto
1594 4133 1827 4214 repelli.

336 4313 564 4374 involvit
591 4310 856 4383 mathesi,
894 4313 1144 4386 magicas
1167 4307 1394 4387 impellit
1422 4306 1499 4369 ad
1528 4311 1725 4367 ostes.

31 4397 275 4461 loannes
295 4398 728 4466 sarisberiensis
755 4396 850 4461 lib.
873 4391 899 4456 1
941 4394 1250 4459 Policratici
1278 4415 1329 4457 c.
1361 4393 1433 4458 9·
1476 4414 1562 4454 eos
1594 4396 1690 4476 qui
1726 4371 2033 4541 ιιιῗοέιὴιιιι
2057 4390 2295 4472 praesti
